@book{friedman2009elements,
    title={{The Elements of Statistical Learning}},
    author={Friedman, Jerome and Hastie, Trevor and Tibshirani, Robert},
    edition={second (11th)},
    year={2009},
    publisher={Springer series in statistics, Berlin}
}

@article{gunther2010neuralnet,
    title={{neuralnet: Training of Neural Networks}},
    author={G{\"u}nther, Frauke and Fritsch, Stefan},
    journal={{The R Journal}},
    volume={2},
    number={1},
    pages={30--38},
    year={2010}
}
